@misc{mercari-price-suggestion-challenge,
  author       = {Kaggle},
  title        = {Mercari Price Suggestion Challenge},
  howpublished = {\url{https://www.kaggle.com/c/mercari-price-suggestion-challenge}},
  year         = {2017}
}

@misc{mercari,
  author       = {Mercari},
  title        = {Mercari},
  howpublished = {\url{https://www.mercari.com}},
  year         = {}
}

@article{rmse,
  author  = {Chai, Tianfeng and Draxler, R.R.},
  year    = {2014},
  month   = {06},
  pages   = {1247-1250},
  title   = {Root mean square error (RMSE) or mean absolute error (MAE)?â€“ Arguments against avoiding RMSE in the literature},
  volume  = {7},
  journal = {Geoscientific Model Development},
  doi     = {10.5194/gmd-7-1247-2014}
}